@misc{Silver1996,
    title = {{A diffusible coupling signal from the transplanted suprachiasmatic nucleus controlling circadian locomotor rhythms.}},
    year = {1996},
    booktitle = {Nature},
    author = {Silver, R and LeSauter, J and Tresco, Patrick A and Lehman, Michael N},
    pages = {810--3},
    volume = {382},
    isbn = {0028-0836 (Print)},
    doi = {10.1038/382810a0},
    issn = {0028-0836},
    pmid = {8752274}
}

@article{Moore1972,
    title = {{A retinohypothalamic projection in the rat}},
    year = {1972},
    journal = {Journal of Comparative Neurology},
    author = {Moore, Robert Y. and Lenn, Nicholas J.},
    number = {1},
    pages = {1--14},
    volume = {146},
    isbn = {0021-9967 (Print)},
    doi = {10.1002/cne.901460102},
    issn = {10969861},
    pmid = {4116104},
    arxivId = {352}
}

@article{Horne1976,
    title = {{A Self-Assessment Questionnaire To Determine Morningness- Eveningness in Human Circadian Rhythms}},
    year = {1976},
    journal = {In ter national Journal of Chronobiology},
    author = {Horne, J A and {\"{O}}stberg, O},
    number = {April},
    pages = {97--110},
    volume = {4},
    isbn = {0300-9998},
    issn = {03009998},
    keywords = {Circadian rhythms, Individual differences, Self -rating questionnaire}
}

@article{Reuter-lorenz1996,
    title = {{Age Differences in the Frontal Lateralization of Verbal and Spatial Working Memory Revealed by PET}},
    year = {2000},
    journal = {Journal of Cognitive Neuroscience},
    author = {Reuter-lorenz, Patricia A. and Jonides, John and Smith, Edward E. and Hartley, Alan and Miller, Andrea and Marshuetz, Christina and Koeppe, Robert A.},
    number = {1},
    month = {1},
    pages = {174--187},
    volume = {12},
    doi = {10.1162/089892900561814},
    issn = {0898-929X}
}

@article{Duffy,
    title = {{Age-related change in the relationship between circadian period, circadian phase, and diurnal preference in humans}},
    year = {2002},
    journal = {Neuroscience Letters},
    author = {Duffy, Jeanne F and Czeisler, Charles A},
    pages = {117--120},
    volume = {318},
    keywords = {Aging, Constant routine, Core body temperature, Entrainment, Eveningness, Forced desynchrony, Morningness}
}

@article{Fahrenberg1999,
    title = {{Ambulatory assessment of diurnal changes with a hand-held computer: Mood, attention and morningness-eveningness}},
    year = {1999},
    journal = {Personality and Individual Differences},
    author = {Fahrenberg, Jochen and Br{\"{u}}gner, Georg and Foerster, Friedrich and K{\"{a}}ppier, Christoph},
    number = {4},
    pages = {641--656},
    volume = {26},
    isbn = {0191-8869, 0191-8869},
    doi = {10.1016/S0191-8869(98)00160-3},
    issn = {01918869},
    keywords = {Ambulatory assessment, Attention, Electronic diary, Morningness-eveningness, Retrospection effect (recall error), Selfreport}
}

@article{Berk1981,
    title = {{An autoradiographic determination of the efferent projections of the suprachiasmatic nucleus of the hypothalamus}},
    year = {1981},
    journal = {Brain Research},
    author = {Berk, Mitchell L. and Finkelstein, Judith A.},
    number = {1-2},
    pages = {1--13},
    volume = {226},
    isbn = {0006-8993},
    doi = {10.1016/0006-8993(81)91079-9},
    issn = {00068993},
    pmid = {7296282},
    keywords = {circadian rhythms, hypothalamus, paraventricular nucleus, periventricular thalamic nucleus, suprachiasmatic nucleus}
}

@article{Liu2010,
    title = {{An electrophysiological analysis of maintenance and manipulation in working memory}},
    year = {2010},
    journal = {Neuroscience Letters},
    author = {Liu, Dong and Guo, Chunyan and Luo, Jin},
    number = {2},
    month = {9},
    pages = {123--127},
    volume = {482},
    isbn = {0304-3940},
    doi = {10.1016/j.neulet.2010.07.015},
    issn = {03043940},
    pmid = {20637835},
    keywords = {ERPs, Maintenance, Manipulation, Slow waves}
}

@misc{Beck1993,
    title = {{Beck anxiety inventory manual. san antonio, tx: The psychological corporation}},
    year = {1993},
    author = {Beck, A T and Steer, R A},
    publisher = {Harcourt Brace {\&} Company}
}

@misc{Beck1996,
    title = {{Beck depression inventory}},
    year = {1996},
    author = {Beck, Aaron T and Steer, Robert A and Brown, Gregory K},
    publisher = {Psychological Corporation San Antonio, TX}
}

@article{Abdallah2013,
    title = {{Bilateral Descending Hypothalamic Projections to the Spinal Trigeminal Nucleus Caudalis in Rats}},
    year = {2013},
    journal = {PLoS ONE},
    author = {Abdallah, Khaled and Artola, Alain and Monconduit, L??naic and Dallel, Radhouane and Luccarini, Philippe},
    number = {8},
    pages = {e73022},
    volume = {8},
    publisher = {Public Library of Science},
    url = {http://www.ncbi.nlm.nih.gov/pubmed/23951340 http://www.pubmedcentral.nih.gov/articlerender.fcgi?artid=PMC3737186},
    isbn = {1932-6203 (Electronic){\textbackslash}r1932-6203 (Linking)},
    doi = {10.1371/journal.pone.0073022},
    issn = {19326203},
    pmid = {23951340}
}

@article{Baddeley2011,
    title = {{Binding in visual working memory: The role of the episodic buffer}},
    year = {2011},
    journal = {Neuropsychologia},
    author = {Baddeley, Alan D. and Allen, Richard J. and Hitch, Graham J.},
    number = {6},
    pages = {1393--1400},
    volume = {49},
    isbn = {1873-3514 (Electronic){\textbackslash}n0028-3932 (Linking)},
    doi = {10.1016/j.neuropsychologia.2010.12.042},
    issn = {00283932},
    pmid = {21256143},
    keywords = {Binding, Episodic buffer, Executive processing, Visuo-spatial sketchpad, Working memory}
}

@article{Kiss1998,
    title = {{Central executive function in working memory: event-related brain potential studies.}},
    year = {1998},
    journal = {Brain research. Cognitive brain research},
    author = {Kiss, Ivan and Pisio, Charlene and Francois, Andre and Schopflocher, D},
    number = {4},
    pages = {235--47},
    volume = {6},
    url = {http://www.ncbi.nlm.nih.gov/pubmed/9593912},
    doi = {10.1016/S0926-6410(97)00035-9},
    issn = {0926-6410},
    pmid = {9593912},
    keywords = {Adult, Analysis of Variance, Attention, Attention: physiology, Electroencephalography, Evoked Potentials, Evoked Potentials: physiology, Female, Humans, Male, Memory, Photic Stimulation, Psychomotor Performance, Psychomotor Performance: physiology, Short-Term, Short-Term: physiology, central executive, event-related potentials, working memory}
}

@article{Faull2015,
    title = {{Cerebrovascular responses during rowing: Do circadian rhythms explain morning and afternoon performance differences?}},
    year = {2015},
    journal = {Scandinavian Journal of Medicine and Science in Sports},
    author = {Faull, O. K. and Cotter, J. D. and Lucas, S. J. E.},
    number = {4},
    month = {8},
    pages = {467--475},
    volume = {25},
    isbn = {0000000000000},
    doi = {10.1111/sms.12273},
    issn = {16000838},
    pmid = {24942089},
    keywords = {Cerebral blood flow, Circadian rhythms, Hypocapnia, Rowing performance}
}

@article{Soehner2011,
    title = {{Circadian Preference and Sleep-Wake Regularity: Associations With Self-Report Sleep Parameters in Daytime-Working Adults}},
    year = {2011},
    journal = {Chronobiology International},
    author = {Soehner, Adriane M. and Kennedy, Kathy S. and Monk, Timothy H.},
    number = {9},
    pages = {802--809},
    volume = {28},
    isbn = {1525-6073 (Electronic){\textbackslash}n0742-0528 (Linking)},
    doi = {10.3109/07420528.2011.613137},
    issn = {0742-0528},
    pmid = {22080786},
    arxivId = {NIHMS150003},
    keywords = {chronotype, copyright, human, inc, informa healthcare usa, regularity, sleep}
}

@article{Silver2014,
    title = {{Circadian rhythms have broad implications for understanding brain and behavior}},
    year = {2014},
    journal = {European Journal of Neuroscience},
    author = {Silver, Rae and Kriegsfeld, Lance J.},
    number = {11},
    pages = {1866--1880},
    volume = {39},
    isbn = {1460-9568 (Electronic){\textbackslash}n0953-816X (Linking)},
    doi = {10.1111/ejn.12593},
    issn = {14609568},
    pmid = {24799154},
    keywords = {Chronopharmacology, Endocrine, Feeding, Mental health, Obesity, Sleep}
}

@article{Valdez2012,
    title = {{Circadian rhythms in cognitive performance: Implications for neuropsychological assessment}},
    year = {2012},
    journal = {ChronoPhysiology and Therapy},
    author = {Valdez, Pablo and Ramirez, Candelaria and Garcia, Aida},
    number = {December},
    pages = {81--92},
    volume = {2},
    doi = {10.2147/CPT.S32586},
    issn = {2230-2026},
    keywords = {attention, cognitive performance, executive functions, human circadian rhythms, neuropsychological assessment, working memory}
}

@article{Blatter2007,
    title = {{Circadian rhythms in cognitive performance: Methodological constraints, protocols, theoretical underpinnings}},
    year = {2007},
    journal = {Physiology and Behavior},
    author = {Blatter, Katharina and Cajochen, Christian},
    number = {2-3},
    pages = {196--208},
    volume = {90},
    isbn = {0031-9384 (Print){\textbackslash}n0031-9384 (Linking)},
    doi = {10.1016/j.physbeh.2006.09.009},
    issn = {00319384},
    pmid = {17055007},
    keywords = {Ageing, Circadian rhythm, Inter-individual differences, Neurobehavioural performance, Sleep deprivation, State instability, Task difficulty and complexity}
}

@article{Valdez2014,
    title = {{Circadian Rhythms in Cognitive Processes: Implications for School Learning}},
    year = {2014},
    journal = {Mind, Brain, and Education},
    author = {Valdez, Pablo and Ram{\'{i}}rez, Candelaria and Garc{\'{i}}a, AÃ­da},
    number = {4},
    pages = {161--168},
    volume = {8},
    doi = {10.1111/mbe.12056},
    issn = {17512271}
}

@incollection{AVanDongen,
    title = {{Circadian Rhythms in Fatigue, Alertness and Performance}},
    year = {2000},
    booktitle = {Principles and Practice of Sleep Medicine},
    author = {Van Dongen, Hans P. A. and Dinges, David F},
    pages = {391--399},
    isbn = {9780721676708},
    doi = {10.1002/ppul.1065},
    issn = {1099-0496},
    pmid = {15892921},
    keywords = {Chronobiology, Cognition, Performance Testing, Time Of Day}
}

@article{Folkard1980,
    title = {{Circadian rhythms in human memory}},
    year = {1980},
    journal = {Br J Psychol},
    author = {Folkard, Simon and Monk, Timothy H.},
    number = {2},
    month = {5},
    pages = {295--307},
    volume = {71},
    publisher = {Blackwell Publishing Ltd},
    isbn = {0007-1269},
    doi = {10.1111/j.2044-8295.1980.tb01746.x},
    issn = {00071269}
}

@article{Ramirez2006,
    title = {{Circadian rhythms in phonological and visuospatial storage components of working memory}},
    year = {2006},
    journal = {Biological Rhythm Research},
    author = {Ram{\'{i}}rez, Candelaria and Talamantes, Javier and Garc{\'{i}}a, Aida and Morales, Mario and Valdez, Pablo and Menna-Barreto, Luiz},
    number = {5},
    month = {10},
    pages = {433--441},
    volume = {37},
    publisher = {Taylor {\&} Francis},
    doi = {10.1080/09291010600870404},
    issn = {0929-1016},
    keywords = {Circadian, cognitive, performance, working memory}
}

@article{Garcia2012,
    title = {{Circadian rhythms in two components of executive functions: cognitive inhibition and flexibility}},
    year = {2012},
    journal = {Biological Rhythm Research},
    author = {Garc{\'{i}}a, AÃ­da and Ram{\'{i}}rez, Candelaria and Mart{\'{i}}nez, Benito and Valdez, Pablo},
    number = {1},
    pages = {49--63},
    volume = {43},
    url = {http://www.tandfonline.com/doi/abs/10.1080/09291016.2011.638137%5Cnhttp://www.tandfonline.com/doi/full/10.1080/09291016.2011.638137?src=recsys#.Ux2SLvl5OSo%5Cnhttp://www.tandfonline.com/doi/pdf/10.1080/09291016.2011.638137},
    isbn = {0929-1016},
    doi = {10.1080/09291016.2011.638137},
    issn = {0929-1016},
    keywords = {circadian rhythms, executive functions, inhibition, performance}
}

@article{Goel2013,
    title = {{Circadian rhythms, sleep deprivation, and human performance}},
    year = {2013},
    journal = {Progress in Molecular Biology and Translational Science},
    author = {Goel, Namni and Basner, Mathias and Rao, Hengyi and Dinges, David F.},
    pages = {155--190},
    volume = {119},
    url = {http://linkinghub.elsevier.com/retrieve/pii/B9780123969712000075},
    isbn = {9780123969712},
    doi = {10.1016/B978-0-12-396971-2.00007-5},
    issn = {18771173},
    pmid = {23899598},
    arxivId = {NIHMS150003},
    keywords = {Chronotype, Circadian rhythms, Genetics, Individual differences, Neuroimaging, Performance, Phenotype, Sleep deprivation, Sleep homeostasis, Two-process model}
}

@article{Mohr2006,
    title = {{Content- and Task-Specific Dissociations of Frontal Activity during Maintenance and Manipulation in Visual Working Memory}},
    year = {2006},
    journal = {Journal of Neuroscience},
    author = {Mohr, H. M.},
    number = {17},
    pages = {4465--4471},
    volume = {26},
    isbn = {0270-6474},
    doi = {10.1523/JNEUROSCI.5232-05.2006},
    issn = {0270-6474},
    pmid = {16641225},
    keywords = {fmri, memory, prefrontal, premotor, spatial, visual}
}

@article{Moriarty2014,
    title = {{Cortisol awakening response and spatial working memory in man: A U-shaped relationship}},
    year = {2014},
    journal = {Human Psychopharmacology},
    author = {Moriarty, Andrew S. and Bradley, Andrew J. and Anderson, Kirstie N. and Watson, Stuart and Gallagher, Peter and McAllister-Williams, R. Hamish},
    number = {3},
    pages = {295--298},
    volume = {29},
    isbn = {1099-1077 (Electronic){\textbackslash}r0885-6222 (Linking)},
    doi = {10.1002/hup.2399},
    issn = {10991077},
    pmid = {24911579},
    keywords = {HPA-axis, cognition, corticosteroids, cortisol, cortisol awakening response, spatial working memory}
}

@book{golombek2007,
    title = {{Cronobiolog{\'{i}}a humana. Ritmos y relojes biol{\'{o}}gicos en la salud y en la enfermedad}},
    year = {2007},
    author = {Golombek, Diego},
    series = {Colecci{\'{o}}n Biomedicina},
    publisher = {Editorial de la Universidad Nacional de Quilmes},
    isbn = {9789875581302}
}

@techreport{AngelesCastellanos2007,
    title = {{Cronobiolog{\'{i}}a m{\'{e}}dica. Fisiolog{\'{i}}a y fisiopatolog{\'{i}}a de los ritmos biol{\'{o}}gicos.}},
    year = {2007},
    booktitle = {Rev Fac Med (UNAM)},
    author = {{\'{A}}ngeles-Castellanos, Manuel and Rodriguez, Katia and Salgado, Roberto and Escobar, Carolina},
    number = {6},
    pages = {238--241},
    volume = {50}
}

@article{Madrid1991,
    title = {{Cronobiolog{\'{i}}a y Experimentacion Animal}},
    year = {1991},
    journal = {Research in Surgery},
    author = {Madrid, J.A.},
    pages = {10--24},
    volume = {9},
    keywords = {Ritmos biol{\'{o}}gicos}
}

@article{Jolles2011,
    title = {{Developmental differences in prefrontal activation during working memory maintenance and manipulation for different memory loads}},
    year = {2011},
    journal = {Developmental Science},
    author = {Jolles, Dietsje D. and Kleibeuker, Sietske W. and Rombouts, Serge A R B and Crone, Eveline A.},
    number = {4},
    month = {7},
    pages = {713--724},
    volume = {14},
    publisher = {Blackwell Publishing Ltd},
    url = {http://doi.wiley.com/10.1111/j.1467-7687.2010.01016.x},
    isbn = {1467-7687},
    doi = {10.1111/j.1467-7687.2010.01016.x},
    issn = {1363755X},
    pmid = {21676092}
}

@article{Karatsoreos2011,
    title = {{Disruption of circadian clocks has ramifications for metabolism, brain, and behavior}},
    year = {2011},
    journal = {Proceedings of the National Academy of Sciences},
    author = {Karatsoreos, Ilia N and Bhagat, Sarah and Bloss, Erik B and Morrison, John H and McEwen, Bruce S},
    number = {4},
    month = {1},
    pages = {1657--1662},
    volume = {108},
    publisher = {National Academy of Sciences},
    url = {http://www.ncbi.nlm.nih.gov/pubmed/21220317 http://www.pubmedcentral.nih.gov/articlerender.fcgi?artid=PMC3029753 http://www.pnas.org/cgi/doi/10.1073/pnas.1018375108},
    isbn = {1091-6490 (Electronic){\textbackslash}r0027-8424 (Linking)},
    doi = {10.1073/pnas.1018375108},
    issn = {0027-8424},
    pmid = {21220317},
    arxivId = {173}
}

@article{VonSchantz2015,
    title = {{Distribution and heritability of diurnal preference (chronotype) in a rural Brazilian family-based cohort, the Baependi study}},
    year = {2015},
    journal = {Scientific Reports},
    author = {von Schantz, Malcolm and Taporoski, Tamara P. and Horimoto, AndrÃ©a R. V. R. and Duarte, Nubia E. and Vallada, Homero and Krieger, JosÃ© E. and Pedrazzoli, Mario and Negr{\~{a}}o, AndrÃ© B. and Pereira, Alexandre C.},
    number = {1},
    month = {8},
    pages = {9214},
    volume = {5},
    publisher = {Nature Publishing Group},
    isbn = {2045-2322},
    doi = {10.1038/srep09214},
    issn = {2045-2322},
    pmid = {25782397}
}

@article{Higuchi2000,
    title = {{DIURNAL VARIATION IN THE P300 COMPONENT OF HUMAN COGNITIVE EVENT-RELATED POTENTIAL DIURNAL VARIATION IN THE P300 COMPONENT OF HUMAN COGNITIVE EVENT-RELATED POTENTIAL}},
    year = {2000},
    journal = {Chronobiology International},
    author = {Higuchi, Shigekazu and Liu, Yang and Yuasa, Takao and Maeda, Akira and Motohashi, Yutaka},
    number = {175},
    pages = {669--678},
    volume = {17},
    doi = {10.1081/CBI-100101073},
    issn = {0742-0528},
    keywords = {Cognitive functionâ, Diurnal variationâ, PerformanceâP300 event-related potentialâ, Sleepiness}
}

@misc{PsychologySoftwareTools2012,
    title = {{E-Prime 2.0}},
    year = {2012},
    author = {{Psychology Software Tools Inc.}},
    publisher = {http://www.pstnet.com}
}

@article{Groeger2008,
    title = {{Early Morning Executive Functioning During Sleep Deprivation Is Compromised by a PERIOD3 Polymorphism}},
    year = {2008},
    journal = {Sleep},
    author = {Groeger, John and Viola, Antoine and Lo, June and von Schantz, Malcolm and Archer, Simon N. and Dijk, Derk-Jan},
    number = {8},
    month = {8},
    pages = {1159--67},
    volume = {31},
    publisher = {Oxford University Press},
    isbn = {0161-8105 (Print){\textbackslash}r0161-8105 (Linking)},
    doi = {10.5665/sleep/31.8.1159},
    issn = {1550-9109},
    pmid = {18714788},
    keywords = {Adult, Arousal, Arousal: genetics, Attention, Attention: physiology, Circadian Rhythm, Circadian Rhythm: genetics, Female, Genetic, Genetic Markers, Genetic Markers: genetics, Genetic: genetics, Genotype, Homeostasis, Homeostasis: genetics, Homozygote, Humans, Male, Melatonin, Melatonin: blood, Mental Recall, Mental Recall: physiology, Minisatellite Repeats, Minisatellite Repeats: genetics, Nuclear Proteins, Nuclear Proteins: genetics, Period Circadian Proteins, Polymorphism, Problem Solving, Problem Solving: physiology, Psychomotor Performance, Psychomotor Performance: physiology, Sleep Deprivation, Sleep Deprivation: genetics, Sleep Deprivation: psychology, Transcription Factors, Transcription Factors: genetics, Young Adult}
}

@article{Chen2016,
    title = {{Effects of aging on circadian patterns of gene expression in the human prefrontal cortex}},
    year = {2016},
    journal = {Proceedings of the National Academy of Sciences},
    author = {Chen, Cho-Yi and Logan, Ryan W and Ma, Tianzhou and Lewis, David A and Tseng, George C and Sibille, Etienne and McClung, Colleen A},
    number = {1},
    month = {1},
    pages = {206--211},
    volume = {113},
    publisher = {National Academy of Sciences},
    url = {http://www.ncbi.nlm.nih.gov/pubmed/26699485 http://www.pubmedcentral.nih.gov/articlerender.fcgi?artid=PMC4711850 http://www.pnas.org/lookup/doi/10.1073/pnas.1508249112},
    isbn = {0893-133X},
    doi = {10.1073/pnas.1508249112},
    issn = {0027-8424},
    pmid = {26699485},
    keywords = {aging, circadian rhythms, gene expression, postmortem, prefrontal cortex}
}

@article{Pinal2014,
    title = {{Effects of load and maintenance duration on the time course of information encoding and retrieval in working memory: from perceptual analysis to post-categorization processes}},
    year = {2014},
    journal = {Frontiers in Human Neuroscience},
    author = {Pinal, Diego and Zurr{\'{o}}n, Montserrat and D{\'{i}}Â­az, Fernando},
    number = {April},
    pages = {1--15},
    volume = {8},
    isbn = {1662-5161 (Electronic){\textbackslash}r1662-5161 (Linking)},
    doi = {10.3389/fnhum.2014.00165},
    issn = {1662-5161},
    pmid = {24744715},
    keywords = {delayed match-to-sample, eLORETA, eloreta, encoding, event-related potentials, maintenance duration, memory load, retrieval, working memory}
}

@article{DelAngel2015,
    title = {{Effects of sleep reduction on the phonological and visuospatial components of working memory}},
    year = {2015},
    journal = {Sleep Science},
    author = {Del Angel, Jacqueline and Cortez, Juventino and Ju{\'{a}}rez, Diana and Guerrero, Martha and Garc{\'{i}}a, AÃ­da and Ram{\'{i}}rez, Candelaria and Valdez, Pablo},
    number = {2},
    pages = {68--74},
    volume = {8},
    doi = {10.1016/j.slsci.2015.06.001},
    issn = {19840063},
    pmid = {26483947},
    keywords = {Phonological storage, Sleep reduction, Visuospatial storage, Working memory}
}

@article{Gronfier2007,
    title = {{Entrainment of the human circadian pacemaker to longer-than-24-h days}},
    year = {2007},
    journal = {Proceedings of the National Academy of Sciences},
    author = {Gronfier, C. and Wright, K. P. and Kronauer, R. E. and Czeisler, C. A.},
    number = {21},
    pages = {9081--9086},
    volume = {104},
    url = {http://www.pnas.org/cgi/doi/10.1073/pnas.0702835104},
    isbn = {0027-8424 (Print){\textbackslash}r0027-8424 (Linking)},
    doi = {10.1073/pnas.0702835104},
    issn = {0027-8424},
    pmid = {17502598}
}

@article{Chang2015,
    title = {{Evening use of light-emitting eReaders negatively affects sleep, circadian timing, and next-morning alertness}},
    year = {2015},
    journal = {Proceedings of the National Academy of Sciences},
    author = {Chang, Anne-Marie and Aeschbach, Daniel and Duffy, Jeanne F. and Czeisler, Charles A.},
    number = {4},
    pages = {1232--1237},
    volume = {112},
    url = {http://www.pnas.org/lookup/doi/10.1073/pnas.1418490112},
    isbn = {1091-6490 (Electronic){\textbackslash}r0027-8424 (Linking)},
    doi = {10.1073/pnas.1418490112},
    issn = {0027-8424},
    pmid = {25535358}
}

@article{Drucker-Colin1984,
    title = {{Fetal suprachiasmatic nucleus transplants: diurnal rhythm recovery of lesioned rats}},
    year = {1984},
    journal = {Brain Research},
    author = {Drucker-Col{\'{i}}n, RenÃ© and Aguilar-Roblero, RaÃºl and Garc{\'{i}}a-Hern{\'{a}}ndez, Fernando and Fern{\'{a}}ndez-Cancino, Federico and Rattoni, Federico Bermudez},
    number = {2},
    pages = {353--357},
    volume = {311},
    isbn = {0006-8993 (Print){\textbackslash}r0006-8993 (Linking)},
    doi = {10.1016/0006-8993(84)90099-4},
    issn = {00068993},
    pmid = {6541955},
    keywords = {diurnal rhythm, fetal transplants, suprachiasmatic nucleus}
}

@article{Fletcher2001,
    title = {{Frontal lobes and human memory: insights from functional neuroimaging.}},
    year = {2001},
    journal = {Brain : a journal of neurology},
    author = {Fletcher, P C and Henson, R N},
    number = {Pt 5},
    pages = {849--881},
    volume = {124},
    isbn = {0006-8950},
    doi = {10.1093/brain/124.5.849},
    issn = {0006-8950},
    pmid = {11335690},
    keywords = {abbreviations, afc Ï­ anterior frontal, cortex, dlfc Ï­ dorsolateral frontal, erp Ï­ event-related potential, fc Ï­, fmri Ï­ functional mri, frontal, frontal cortex, functional mri, hera Ï­ hemispheric encoding, ltm Ï­ long-term memory, memory, pet, retrieval asymmetry, vlfc Ï­ ventrolateral frontal, wm Ï­ working memory}
}

@article{Gazzaley2004,
    title = {{Functional connectivity during working memory maintenance}},
    year = {2004},
    journal = {Cognitive, Affective, {\&} Behavioral Neuroscience},
    author = {Gazzaley, Adam and Rissman, Jesse and D'Esposito, Mark},
    number = {4},
    pages = {580--599},
    volume = {4},
    url = {http://www.springerlink.com/index/10.3758/CABN.4.4.580%5Cnpapers3://publication/doi/10.3758/CABN.4.4.580},
    isbn = {1530-7026 (Print){\textbackslash}n1530-7026 (Linking)},
    doi = {10.3758/CABN.4.4.580},
    issn = {1530-7026},
    pmid = {15849899}
}

@article{Vandewalle2009a,
    title = {{Functional Magnetic Resonance Imaging-Assessed Brain Responses during an Executive Task Depend on Interaction of Sleep Homeostasis, Circadian Phase, and PER3 Genotype}},
    year = {2009},
    journal = {Journal of Neuroscience},
    author = {Vandewalle, Gilles and Archer, Simon N and Wuillaume, Catherine and Balteau, Evelyne and Degueldre, Christian and Luxen, AndrÃ© and Maquet, Pierre and Dijk, D.-J.},
    number = {25},
    pages = {7948--7956},
    volume = {29},
    isbn = {1529-2401 (Electronic)},
    doi = {10.1523/JNEUROSCI.0229-09.2009},
    issn = {0270-6474},
    pmid = {19553435}
}

@article{Vandewalle2009,
    title = {{Functional magnetic resonance imaging-assessed brain responses during an executive task depend on interaction of sleep homeostasis, circadian phase, and PER3 genotype.}},
    year = {2009},
    journal = {The Journal of neuroscience : the official journal of the Society for Neuroscience},
    author = {Vandewalle, Gilles and Archer, Simon N and Wuillaume, Catherine and Balteau, Evelyne and Degueldre, Christian and Luxen, AndrÃ© and Maquet, Pierre and Dijk, Derk-Jan},
    number = {25},
    pages = {7948--7956},
    volume = {29},
    isbn = {1529-2401 (Electronic)},
    doi = {10.1523/JNEUROSCI.0229-09.2009},
    issn = {0270-6474},
    pmid = {19553435}
}

@article{Duffy2002,
    title = {{Getting Through To Circadian Oscillators: Why Use Constant Routines?}},
    year = {2002},
    journal = {Journal of Biological Rhythms},
    author = {Duffy, Jeanne F. and Dijk, Derk-Jan},
    number = {1},
    pages = {4--13},
    volume = {17},
    isbn = {0748-7304},
    doi = {10.1177/074873002129002294},
    issn = {0748-7304},
    pmid = {11837947},
    keywords = {chronobiology, mask, melatonin, sleep, temperature}
}

@article{Ruby2008,
    title = {{Hippocampal-dependent learning requires a functional circadian system}},
    year = {2008},
    journal = {Proceedings of the National Academy of Sciences},
    author = {Ruby, N. F. and Hwang, C. E. and Wessells, C. and Fernandez, F. and Zhang, P. and Sapolsky, R. and Heller, H. C.},
    number = {40},
    pages = {15593--15598},
    volume = {105},
    url = {http://www.pnas.org/cgi/doi/10.1073/pnas.0808259105},
    isbn = {0808259105},
    doi = {10.1073/pnas.0808259105},
    issn = {0027-8424},
    pmid = {18832172}
}

@article{Atkinson1968,
    title = {{Human Memory: A proposed system and its control processes BT - The Psychology of Learning and Motivation}},
    year = {1968},
    journal = {The Psychology of Learning and Motivation},
    author = {Atkinson, Richard C. and Shiffrin, Richard M.},
    number = {5},
    pages = {89--195},
    volume = {2},
    isbn = {<null>},
    doi = {10.1111/j.2007.0030-1299.15674.x},
    issn = {00301299},
    pmid = {245814500001},
    arxivId = {arXiv:1011.1669v3}
}

@article{Ramirez2012,
    title = {{Identification of circadian rhythms in cognitive inhibition and flexibility using a Stroop task}},
    year = {2012},
    journal = {Sleep and Biological Rhythms},
    author = {Ram{\'{i}}rez, Candelaria and Garc{\'{i}}a, AÃ­da and Valdez, Pablo},
    number = {2},
    pages = {136--144},
    volume = {10},
    isbn = {1446-9235},
    doi = {10.1111/j.1479-8425.2012.00540.x},
    issn = {14469235},
    keywords = {Circadian rhythms, Executive functions, Flexibility, Inhibition, Performance, Stroop task}
}

@article{Harma1993,
    title = {{Individual differences in tolerance to shiftwork: A review}},
    year = {1993},
    journal = {Ergonomics},
    author = {Harma, M.},
    number = {1-3},
    pages = {101--109},
    volume = {36},
    isbn = {0014-0139},
    doi = {10.1080/00140139308967860},
    issn = {00140139},
    pmid = {8440205}
}

@book{Koukkari2006,
    title = {{Introducing biological rhythms}},
    year = {2006},
    booktitle = {Introducing Biological Rhythms},
    author = {Koukkari, Willard L. and Sothern, Robert B.},
    pages = {1--655},
    isbn = {1402036914},
    doi = {10.1007/978-1-4020-4701-5},
    issn = {0744-6020}
}

@article{Baddeley2001,
    title = {{Is working memory still working?}},
    year = {2001},
    journal = {American Psychologist},
    author = {{Baddeley}},
    number = {11},
    pages = {851--864},
    volume = {56},
    isbn = {1016-9040},
    doi = {10.1037/0003-066X.56.11.851},
    issn = {0003-066X},
    pmid = {11785152},
    keywords = {*Models, *Short Term Memory, Phonology, Visuospatial Memory}
}

@article{GarauletAza2015,
    title = {{La cronobiolog{\'{i}}a, la alimentaci{\'{o}}n y la salud}},
    year = {2015},
    journal = {Mediterr{\'{a}}neo econ{\'{o}}mico, ISSN 1698-3726, N{\textordmasculine}. 27, 2015 (Ejemplar dedicado a: Nutrici{\'{o}}n y salud), p{\'{a}}gs. 101-122},
    author = {Garaulet Aza, Marta},
    number = {27},
    pages = {101--122},
    publisher = {Universidad de Murcia},
    isbn = {9788495531698},
    issn = {1698-3726},
    keywords = {Econom{\'{i}}a aplicada, Econom{\'{i}}a y empresa, Grupo C}
}

@article{Jurado1998,
    title = {{La estandarizacion del inventario de depresion de Beck para los residentes de la Ciudad de Mexico}},
    year = {1998},
    journal = {Salud Mental},
    author = {Jurado, Samuel and Villegas, Ma. Enedina and M{\'{e}}ndez, Lourdes and Rodr{\'{i}}guez, Fabiola and Loperena, VerÃ³nica and Varela, RubÃ©n},
    number = {3},
    pages = {26--31},
    volume = {21},
    issn = {01853325},
    keywords = {BDI test validity, Concurrent validity, Construct validity, Mexican norms, Translation}
}

@article{Leeners2017,
    title = {{Lack of Associations between Female Hormone Levels and Visuospatial Working Memory, Divided Attention and Cognitive Bias across Two Consecutive Menstrual Cycles}},
    year = {2017},
    journal = {Frontiers in Behavioral Neuroscience},
    author = {Leeners, Brigitte and Kruger, Tillmann H. C. and Geraedts, Kirsten and Tronci, Enrico and Mancini, Toni and Ille, Fabian and Egli, Marcel and R{\"{o}}blitz, Susanna and Saleh, Lanja and Spanaus, Katharina and Schippert, Cordula and Zhang, Yuangyuang and Hengartner, Michael P.},
    number = {July},
    pages = {1--10},
    volume = {11},
    url = {http://journal.frontiersin.org/article/10.3389/fnbeh.2017.00120/full},
    doi = {10.3389/fnbeh.2017.00120},
    issn = {1662-5153},
    keywords = {hormones, cognition, menstrual cycle, working memo}
}

@article{Rypma1999,
    title = {{Load-dependent roles of frontal brain regions in the maintenance of working memory.}},
    year = {1999},
    journal = {NeuroImage},
    author = {Rypma, B and Prabhakaran, V and Desmond, J E and Glover, G H and Gabrieli, J D},
    number = {2},
    pages = {216--26},
    volume = {9},
    isbn = {1053-8119},
    doi = {10.1006/nimg.1998.0404},
    issn = {1053-8119},
    pmid = {9927550},
    keywords = {Adult, Brain Mapping, Caudate Nucleus, Caudate Nucleus: physiology, Female, Frontal Lobe, Frontal Lobe: physiology, Humans, Magnetic Resonance Imaging, Male, Mental Recall, Mental Recall: physiology, Pattern Recognition, Prefrontal Cortex, Prefrontal Cortex: physiology, Psychomotor Performance, Psychomotor Performance: physiology, Retention (Psychology), Retention (Psychology): physiology, Visual, Visual: physiology}
}

@article{Rypma1999a,
    title = {{Load-dependent roles of frontal brain regions in the maintenance of working memory.}},
    year = {1999},
    journal = {NeuroImage},
    author = {Rypma, B and Prabhakaran, V and Desmond, J E and Glover, G H and Gabrieli, J D},
    number = {2},
    pages = {216--26},
    volume = {9},
    isbn = {1053-8119},
    doi = {10.1006/nimg.1998.0404},
    issn = {1053-8119},
    pmid = {9927550},
    keywords = {Adult, Brain Mapping, Caudate Nucleus, Caudate Nucleus: physiology, Female, Frontal Lobe, Frontal Lobe: physiology, Humans, Magnetic Resonance Imaging, Male, Mental Recall, Mental Recall: physiology, Pattern Recognition, Prefrontal Cortex, Prefrontal Cortex: physiology, Psychomotor Performance, Psychomotor Performance: physiology, Retention (Psychology), Retention (Psychology): physiology, Visual, Visual: physiology}
}

@article{Gevins2012,
    title = {{Long-term and within-day variability of working memory performance and EEG in individuals}},
    year = {2012},
    journal = {Clinical Neurophysiology},
    author = {Gevins, Alan and McEvoy, Linda K. and Smith, Michael E. and Chan, Cynthia S. and Sam-Vargas, Lita and Baum, Cliff and Ilan, Aaron B.},
    number = {7},
    pages = {1291--1299},
    volume = {123},
    isbn = {1388-2457},
    doi = {10.1016/j.clinph.2011.11.004},
    issn = {13882457},
    pmid = {22154302},
    arxivId = {NIHMS150003},
    keywords = {Circadian variability, Drug effects, EEG, Individual differences, Long-term variability, Working memory}
}

@article{Valentinuzzi2008,
    title = {{Los ritmos biol{\'{o}}gicos y el aprendizaje}},
    year = {2008},
    journal = {Ciencia},
    author = {Valentinuzzi, VS and Araujo, JF},
    number = {1},
    pages = {41--46},
    volume = {XI},
    keywords = {aprendizaje y, ciencias cognitivas, condicionamiento, cronobiolog{\'{i}}a, memoria, reloj biol{\'{o}}gico, ritmos biol{\'{o}}gicos, ritmos circadianos}
}

@article{Glahn2002,
    title = {{Maintenance and Manipulation in Spatial Working Memory: Dissociations in the Prefrontal Cortex}},
    year = {2002},
    journal = {NeuroImage},
    author = {Glahn, D.C. and Kim, J. and Cohen, M.S. and Poutanen, V-P. and Therman, S. and Bava, S. and Van Erp, T.G.M. and Manninen, M. and Huttunen, M. and L{\"{o}}nnqvist, J. and Standertskj{\"{o}}ld-Nordenstam, C.G. and Cannon, T.D.},
    number = {1},
    pages = {201--213},
    volume = {17},
    isbn = {1053-8119},
    doi = {10.1006/nimg.2002.1161},
    issn = {10538119},
    pmid = {12482077}
}

@article{Sara2009,
    title = {{Maintenance and Manipulation in Working Memory: Differential Ventral and Dorsal Frontal Cortex fMRI Activity}},
    year = {2009},
    journal = {Acta Psychologica Sinica},
    author = {Sara, Pudas and Jonas, Persson and L-G, Nilsson and Lars, Nyberg},
    number = {11},
    pages = {1054--1062},
    volume = {41},
    url = {http://pub.chinasciencejournal.com/article/getArticleRedirect.action?doiCode=10.3724/SP.J.1041.2009.01054},
    doi = {10.3724/SP.J.1041.2009.01054},
    issn = {0439-755X}
}

@article{Federico2014,
    title = {{Maintenance and manipulation of object sequences in working memory: a lifespan study}},
    year = {2014},
    journal = {Neurological Sciences},
    author = {Federico, Francesca and Delogu, Franco and Raffone, Antonino},
    number = {12},
    month = {12},
    pages = {1883--1887},
    volume = {35},
    publisher = {Springer Milan},
    url = {http://link.springer.com/10.1007/s10072-014-1851-0},
    isbn = {1007201418510},
    doi = {10.1007/s10072-014-1851-0},
    issn = {15903478},
    pmid = {24928473},
    keywords = {Aging, Development, Executive functions, Lifespan, Prefrontal cortex, Working memory}
}

@article{Veltman2003,
    title = {{Maintenance versus manipulation in verbal working memory revisited: An fMRI study}},
    year = {2003},
    journal = {NeuroImage},
    author = {Veltman, Dick J and Rombouts, Serge A R B and Dolan, Raymond J},
    number = {2},
    month = {2},
    pages = {247--256},
    volume = {18},
    isbn = {1053-8119 (Print)},
    doi = {10.1016/S1053-8119(02)00049-6},
    issn = {10538119},
    pmid = {12595179},
    keywords = {Maintenance, Manipulation, Parametric, Verbal working memory, fMRI}
}

@article{DEsposito1999,
    title = {{Maintenance versus manipulation of information held in working memory: an event-related fMRI study.}},
    year = {1999},
    journal = {Brain and cognition},
    author = {D'Esposito, M and Postle, B R and Ballard, D and Lease, J},
    number = {1},
    pages = {66--86},
    volume = {41},
    isbn = {0278-2626 (Print){\textbackslash}r0278-2626 (Linking)},
    doi = {10.1006/brcg.1999.1096},
    issn = {02782626},
    pmid = {10536086},
    keywords = {functional mri, prefrontal cortex, working memory}
}

@article{Lamp2016,
    title = {{Mapping of the Underlying Neural Mechanisms of Maintenance and Manipulation in Visuo-Spatial Working Memory Using An n-back Mental Rotation Task: A Functional Magnetic Resonance Imaging Study}},
    year = {2016},
    journal = {Frontiers in Behavioral Neuroscience},
    author = {Lamp, Gemma and Alexander, Bonnie and Laycock, Robin and Crewther, David P. and Crewther, Sheila G.},
    volume = {10},
    url = {http://journal.frontiersin.org/Article/10.3389/fnbeh.2016.00087/abstract},
    isbn = {1662-5153},
    doi = {10.3389/fnbeh.2016.00087},
    issn = {1662-5153},
    pmid = {27199694}
}

@article{Hanneman2001,
    title = {{Measuring Circadian Temperature Rhythm}},
    year = {2001},
    journal = {Biological Research For Nursing},
    author = {Hanneman, S.},
    number = {4},
    pages = {236--248},
    volume = {2},
    isbn = {1099-8004 (Print)},
    doi = {10.1177/109980040100200403},
    issn = {1099-8004},
    pmid = {11876463},
    keywords = {body temperature, circadian rhythm, days of the, endogenous component, hours of the day, masking, p eople function according, synchronizers, the most obvious being, time cues, to a variety of}
}

@article{Baddeley1970,
    title = {{Memory and time of day}},
    year = {1970},
    journal = {Quarterly Journal of Experimental Psychology},
    author = {{Baddeley} and Hatter, J. E. and Scott, Denise and Snashall, Aileen},
    number = {4},
    month = {11},
    pages = {605--609},
    volume = {22},
    publisher = {Taylor {\&} Francis Group},
    doi = {10.1080/14640747008401939},
    issn = {0033-555X}
}

@article{Funahashi1989,
    title = {{Mnemonic coding of visual space in the monkey's dorsolateral prefrontal cortex}},
    year = {1989},
    journal = {J Neurophysiol},
    author = {Funahashi, S and Bruce, C J and Goldman-Rakic, P S},
    number = {2},
    pages = {331--349},
    volume = {61},
    isbn = {0022-3077 (Print){\textbackslash}r0022-3077 (Linking)},
    issn = {0022-3077},
    pmid = {2918358},
    keywords = {Animals, Frontal Lobe/cytology/*physiology, Macaca mulatta, Memory/*physiology, Neural Inhibition, Neurons/physiology, Ocular Physiological Phenomena, Reaction Time, Visual Perception/*physiology}
}

@article{Folkard1983,
    title = {{Multi-oscillatory control of circadian rhythms in human performance}},
    year = {1983},
    journal = {Nature},
    author = {Folkard, Simon and Wever, Rutger A. and Wildgruber, Christina M.},
    number = {5931},
    month = {9},
    pages = {223--226},
    volume = {305},
    publisher = {Nature Publishing Group},
    doi = {10.1038/305223a0}
}

@article{Nyberg2009,
    title = {{Neural correlates of variable working memory load across adult age and skill: Dissociative patterns within the fronto-parietal network: Cognition and Neurosciences}},
    year = {2009},
    journal = {Scandinavian Journal of Psychology},
    author = {Nyberg, Lars and Dahlin, Erika and Stigsdotter Neely, Anna and B{\"{A}}ckman, Lars},
    number = {1},
    pages = {41--46},
    volume = {50},
    isbn = {0036-5564},
    doi = {10.1111/j.1467-9450.2008.00678.x},
    issn = {00365564},
    pmid = {18705668},
    keywords = {Capacity-constraints, FMRI, Working memory load}
}

@misc{Eriksson2015,
    title = {{Neurocognitive Architecture of Working Memory}},
    year = {2015},
    booktitle = {Neuron},
    author = {Eriksson, Johan and Vogel, Edward K. and Lansner, Anders and Bergstr{\"{o}}m, Fredrik and Nyberg, Lars},
    isbn = {0896-6273},
    doi = {10.1016/j.neuron.2015.09.020},
    issn = {10974199},
    pmid = {26447571}
}

@article{Cohen2010,
    title = {{NIH Public Access}},
    year = {2010},
    author = {Cohen, Daniel A and Wang, Wei and Wyatt, James K and Kronauer, Richard E and Dijk, Derk-jan and Czeisler, Charles A and Klerman, Elizabeth B},
    number = {14},
    pages = {1--16},
    volume = {2},
    doi = {10.1126/scitranslmed.3000458.Uncovering}
}

@article{Ilmarinen,
    title = {{Physical training intervention in female shift workers: TI. The effects of intervention on the circadian rhythms of alertness, short-term memory, and body temperature}},
    year = {1988},
    journal = {Ergonomics},
    author = {Ilmarinen, J},
    number = {1},
    pages = {51--63},
    volume = {31},
    keywords = {Alertness, Circadian rhythms, Shiftwork, Short-term memory, a Body temperature}
}

@article{Golombek2010,
    title = {{Physiology of Circadian Entrainment}},
    year = {2010},
    journal = {Physiology Rev},
    author = {Golombek, Diego a and Rosenstein, Ruth E},
    number = {3},
    pages = {1063--1102},
    volume = {90},
    url = {http://www.ncbi.nlm.nih.gov/pubmed/20664079},
    isbn = {1522-1210; 0031-9333},
    doi = {10.1152/physrev.00009.2009.},
    issn = {1522-1210},
    pmid = {20664079},
    keywords = {Animals, Biological Clocks, Biological Clocks: physiology, Circadian Rhythm, Circadian Rhythm: physiology, Gene Expression, Gene Expression: physiology, Humans, Light, Neurons, Neurons: physiology, Neurotransmitter Agents, Neurotransmitter Agents: metabolism, Retina, Retina: physiology, Retina: radiation effects, Signal Transduction, Signal Transduction: physiology, Suprachiasmatic Nucleus, Suprachiasmatic Nucleus: physiology}
}

@article{Schmidt2015,
    title = {{Pushing the limits: Chronotype and time of day modulate working memory-dependent cerebral activity}},
    year = {2015},
    journal = {Frontiers in Neurology},
    author = {Schmidt, Christina and Collette, Fabienne and Reichert, Carolin F. and Maire, Micheline and Vandewalle, Gilles and Peigneux, Philippe and Cajochen, Christian},
    number = {SEP},
    volume = {6},
    isbn = {1664-2295},
    doi = {10.3389/fneur.2015.00199},
    issn = {16642295},
    pmid = {26441819},
    keywords = {BOLD activity, Chronotype, Task complexity, Time of day, Working memory}
}

@article{Francisco2003,
    title = {{Relaciones entre matutinidad-vespertinidad y estilos de personalidad}},
    year = {2003},
    journal = {Anales De Psicolog{\'{i}}a},
    author = {Francisco, Juan and Morales, DÃ­az and Garc{\'{i}}a, Aparicio},
    number = {2},
    pages = {247--256},
    volume = {19},
    issn = {0212-9728},
    keywords = {and personality styles, cronopsicolog{\'{i}}a, dad, estilos de personalidad, matutinidad-vespertini-, relationships between morningness-eveningness, title}
}

@article{Wright2002,
    title = {{Relationship between alertness, performance, and body temperature in humans}},
    year = {2002},
    journal = {American Journal of Physiology - Regulatory, Integrative and Comparative Physiology},
    author = {Wright, Kenneth P and Hull, Joseph T and Czeisler, Charles A},
    pages = {1370--1377},
    volume = {283},
    isbn = {0363-6119 (Print)},
    doi = {10.1152/ajpregu.00205.2002},
    issn = {0363-6119},
    pmid = {12388468}
}

@article{Johnson1988,
    title = {{Retinohypothalamic projections in the hamster and rat demonstrated using cholera toxin}},
    year = {1988},
    journal = {Brain Research},
    author = {Johnson, Ralph F. and Morin, Lawrence P. and Moore, Robert Y.},
    number = {2},
    pages = {301--312},
    volume = {462},
    isbn = {0006-8993 (Print){\textbackslash}r0006-8993 (Linking)},
    doi = {10.1016/0006-8993(88)90558-6},
    issn = {00068993},
    pmid = {3191391},
    arxivId = {367},
    keywords = {Anterior hypothalamus, Circadian rhythm, Entrainment, Geniculohypothalamic tract, Retinohypothalamic tract, Suprachiasmatic nucleus}
}

@article{Meyer2016,
    title = {{Seasonality in human cognitive brain responses}},
    year = {2016},
    journal = {Proc. Natl. Acad. Sci. U. S. A.},
    author = {Meyer, Christelle and Muto, Vincenzo and Jaspar, Mathieu and Kuss{\'{e}}, Caroline and Lambot, Erik and Chellappa, Sarah L. and Degueldre, Christian and Balteau, Evelyne and Luxen, AndrÃ© and Middleton, Benita and Archer, Simon N and Collette, Fabienne and Dijk, Derk-Jan and Phillips, Christophe and Maquet, Pierre and Vandewalle, Gilles},
    number = {11},
    pages = {3066--3071},
    volume = {113},
    isbn = {1091-6490 (Electronic){\textbackslash}r0027-8424 (Linking)},
    doi = {10.1073/pnas.1518129113},
    issn = {0027-8424},
    pmid = {26858432}
}

@article{Santhi2016,
    title = {{Sex differences in the circadian regulation of sleep and waking cognition in humans.}},
    year = {2016},
    journal = {Proceedings of the National Academy of Sciences of the United States of America},
    author = {Santhi, Nayantara and Lazar, Alpar S and McCabe, Patrick J and Lo, June C and Groeger, John A and Dijk, Derk-Jan},
    pages = {1521637113-},
    isbn = {1521637113},
    doi = {10.1073/pnas.1521637113},
    issn = {1091-6490},
    pmid = {27091961}
}

@misc{Shipley2014,
    title = {{Shipley-2 Escala breve de inteligencia}},
    year = {2014},
    author = {Shipley, Walter C. and Gruber, Christian P. and Martin, Thomas A.},
    publisher = {Manual Moderno},
    address = {M{\'{e}}xico}
}

@article{Soshi2010,
    title = {{Sleep deprivation influences diurnal variation of human time perception with prefrontal activity change: A functional near-infrared spectroscopy study}},
    year = {2010},
    journal = {PLoS ONE},
    author = {Soshi, Takahiro and Kuriyama, Kenichi and Aritake, Sayaka and Enomoto, Minori and Hida, Akiko and Tamura, Miyuki and Kim, Yoshiharu and Mishima, Kazuo},
    number = {1},
    pages = {21--23},
    volume = {5},
    isbn = {1932-6203 (Electronic)},
    doi = {10.1371/journal.pone.0008395},
    issn = {19326203},
    pmid = {20049334}
}

@article{Lund2010,
    title = {{Sleep Patterns and Predictors of Disturbed Sleep in a Large Population of College Students}},
    year = {2010},
    journal = {Journal of Adolescent Health},
    author = {Lund, Hannah G. and Reider, Brian D. and Whiting, Annie B. and Prichard, J. Roxanne},
    number = {2},
    pages = {124--132},
    volume = {46},
    publisher = {Elsevier Ltd},
    url = {http://dx.doi.org/10.1016/j.jadohealth.2009.06.016},
    isbn = {1879-1972 (Electronic){\textbackslash}r1054-139X (Linking)},
    doi = {10.1016/j.jadohealth.2009.06.016},
    issn = {1054139X},
    pmid = {20113918},
    keywords = {Adolescence, College students, Mood, Sleep disturbance, Sleep quality, Stress}
}

@article{Crowley2007,
    title = {{Sleep, circadian rhythms, and delayed phase in adolescence}},
    year = {2007},
    journal = {Sleep Medicine},
    author = {Crowley, Stephanie J. and Acebo, Christine and Carskadon, Mary A.},
    number = {6},
    pages = {602--612},
    volume = {8},
    isbn = {1389-9457 (Print)},
    doi = {10.1016/j.sleep.2006.12.002},
    issn = {13899457},
    pmid = {17383934},
    keywords = {Adolescent, Circadian rhythms, DSPS, Delayed sleep phase syndrome, Development, Sleep patterns}
}

@article{Reichert2016,
    title = {{Sleep-Wake Regulation and Its Impact on Working Memory Performance: The Role of Adenosine}},
    year = {2016},
    journal = {Biology},
    author = {Reichert, Carolin and Maire, Micheline and Schmidt, Christina and Cajochen, Christian},
    number = {1},
    pages = {11},
    volume = {5},
    doi = {10.3390/biology5010011},
    issn = {2079-7737},
    keywords = {adenosine, circadian, cognition, sleep homeostasis, working memory}
}

@incollection{Carlson2014,
    title = {{Sue{\~{n}}o y ritmos biol{\'{o}}gicos}},
    year = {2014},
    booktitle = {Fisiolog{\'{i}}a de la conducta. 11{\textordfeminine} ed. Massachusetts: Pearson},
    author = {Carlson, Neil},
    chapter = {9},
    pages = {333 - 340},
    isbn = {978-84-1555-273-4}
}

@article{Sylvester2002,
    title = {{Suprachiasmatic nucleus projection to the medial prefrontal cortex: A viral transneuronal tracing study}},
    year = {2002},
    journal = {Neuroscience},
    author = {Sylvester, C. M. and Krout, K. E. and Loewy, A. D.},
    number = {4},
    pages = {1071--1080},
    volume = {114},
    isbn = {0306-4522 (Print){\textbackslash}r0306-4522 (Linking)},
    doi = {10.1016/S0306-4522(02)00361-5},
    issn = {03064522},
    pmid = {12379260},
    keywords = {Attention, Cerebral cortex, Circadian rhythm, Depression, Hypothalamus, Mood}
}

@article{Oldfield1971,
    title = {{The assessment and analysis of handedness: the Edinburgh inventory}},
    year = {1971},
    journal = {Neuropsychologia},
    author = {Oldfield, Richard C},
    number = {1},
    pages = {97--113},
    volume = {9},
    publisher = {Elsevier},
    issn = {0028-3932}
}

@article{DEsposito2015,
    title = {{the Cognitive Neuroscience of Working Memory}},
    year = {2015},
    journal = {Annu Rev Psychol.},
    author = {DâEsposito, Mark and Postle, Bradley R.},
    number = {66},
    pages = {115--142},
    isbn = {0066-4308{\textbackslash}r1545-2085},
    doi = {10.1146/annurev-psych-010814-015031.THE},
    pmid = {25251486},
    keywords = {cognitive control, connectivity, dopamine, prefrontal cortex, short-term memory, top-down, working memory}
}

@misc{Christophel2017,
    title = {{The Distributed Nature of Working Memory}},
    year = {2017},
    booktitle = {Trends in Cognitive Sciences},
    author = {Christophel, Thomas B. and Klink, P. Christiaan and Spitzer, Bernhard and Roelfsema, Pieter R. and Haynes, John Dylan},
    number = {2},
    pages = {111--124},
    volume = {21},
    isbn = {1364-6613},
    doi = {10.1016/j.tics.2016.12.007},
    issn = {1879307X},
    pmid = {28063661}
}

@article{Bougard2016,
    title = {{The effects of sleep deprivation and time of day on cognitive performance}},
    year = {2016},
    journal = {Biological Rhythm Research},
    author = {Bougard, Clement and Moussay, Sebastien and Espie, Stephane and Davenne, Damien},
    number = {3},
    pages = {401--415},
    volume = {47},
    url = {http://www.tandfonline.com/action/journalInformation?journalCode=nbrr20},
    doi = {10.1080/09291016.2015.1129696},
    issn = {0929-1016}
}

@article{Chang2011,
    title = {{The human circadian system adapts to prior photic history}},
    year = {2011},
    journal = {Journal of Physiology},
    author = {Chang, Anne Marie and Scheer, Frank A J L and Czeisler, Charles A.},
    number = {5},
    pages = {1095--1102},
    volume = {589},
    isbn = {1469-7793},
    doi = {10.1113/jphysiol.2010.201194},
    issn = {00223751},
    pmid = {21224217}
}

@book{AASM2001,
    title = {{The International Classification of Sleep Disorders: Diagnostic and Coding Manual}},
    year = {2001},
    author = {{American Academy of Sleep Medicine}},
    pages = {160--160},
    url = {http://www.neurology.org/cgi/doi/10.1212/WNL.41.1.160},
    isbn = {0965722015},
    doi = {10.1212/WNL.41.1.160},
    issn = {0028-3878},
    pmid = {13922744},
    arxivId = {NIHMS150003}
}

@misc{Sollars2015,
    title = {{The Neurobiology of Circadian Rhythms}},
    year = {2015},
    booktitle = {Psychiatric Clinics of North America},
    author = {Sollars, Patricia J. and Pickard, Gary E.},
    number = {4},
    pages = {645--665},
    volume = {38},
    isbn = {1531-6971 (Electronic)},
    doi = {10.1016/j.psc.2015.07.003},
    issn = {15583147},
    pmid = {26600101},
    arxivId = {15334406},
    keywords = {Biological rhythms, Circadian oscillator, Clock, Intrinsically photosensitive retinal ganglion cell, Suprachiasmatic nucleus}
}

@article{Passingham2004,
    title = {{The prefrontal cortex and working memory: Physiology and brain imaging}},
    year = {2004},
    journal = {Current Opinion in Neurobiology},
    author = {Passingham, Dick and Sakai, Katsuyuki},
    number = {2},
    pages = {163--168},
    volume = {14},
    isbn = {0959-4388 (Print){\textbackslash}r0959-4388 (Linking)},
    doi = {10.1016/j.conb.2004.03.003},
    issn = {09594388},
    pmid = {15082320},
    keywords = {Functional magnetic resonance imaging, fMRI}
}

@incollection{Nee2016,
    title = {{The Representational Basis of Working Memory}},
    year = {2016},
    booktitle = {Current Topics in Behavioral Neuroscience},
    author = {Nee, Derek Evan and DâEsposito, Mark},
    number = {September},
    pages = {20},
    isbn = {9783642209246},
    doi = {10.1007/7854{\_}2016{\_}456},
    issn = {18663370},
    pmid = {22081443},
    arxivId = {MOUSE PART LINK WITH HUMAN},
    keywords = {Short-term memory, abstraction, multi-variate pattern analysis, prefrontal cortex}
}

@article{Aguilar-Roblero1987,
    title = {{The role of the suprachiasmatic nuclei in the regulation of circadian rhythms in mammals. [Review]}},
    year = {1987},
    journal = {Boletin de Estudios Medicos y Biologicos},
    author = {Aguilar-Roblero, R and Drucker-Colin, R},
    number = {1-2},
    pages = {35--51},
    volume = {35},
    issn = {00679666},
    keywords = {circadian, circadian rhythms, regulation, rhythms, suprachiasmatic, suprachiasmatic nuclei}
}

@article{VandenPol1991,
    title = {{The suprachiasmatic nucleus: morphological and cytochemical substrates for cellular interaction}},
    year = {1991},
    journal = {Suprachiasmatic nucleus: the mindâs clock},
    author = {van den Pol, ANTHONY N},
    pages = {17--50},
    publisher = {Oxford University Press New York}
}

@article{Testu1999,
    title = {{Time-of-day and day-of-week effects on mnemonic performance}},
    year = {1999},
    journal = {Chronobiology International},
    author = {Testu, F and Clarisse, R},
    number = {February},
    pages = {491--503},
    volume = {16},
    isbn = {0742052990},
    doi = {10.3109/07420529908998723},
    issn = {0742-0528},
    pmid = {10442242},
    keywords = {*Periodicity, Child, Circadian Rhythm/*physiology, Female, Human, Male, Memory, Short-Term/physiology, Memory/*physiology, Recall/physiology}
}

@misc{Madrid2002,
    title = {{Una aproximaci{\'{o}}n al tiempo en biolog{\'{i}}a}},
    year = {2002},
    booktitle = {Eubacteria},
    author = {Madrid, Juan Antonio and Rol, Ma Angeles and S{\'{a}}nchez, F. Javier},
    pages = {4--7}
}

@article{Boon2014,
    title = {{Updating visual-spatial working memory during object movement}},
    year = {2014},
    journal = {Vision Research},
    author = {Boon, Paul J and Theeuwes, Jan and Belopolsky, Artem V},
    pages = {51--57},
    volume = {94},
    url = {http://ac.els-cdn.com/S0042698913002678/1-s2.0-S0042698913002678-main.pdf?_tid=230eb7e4-7d4e-11e7-809e-00000aacb361&acdnat=1502316201_62ff4cbffd41b4fb4ef741911bb6eca8},
    isbn = {1878-5646 (Electronic){\textbackslash}n0042-6989 (Linking)},
    doi = {10.1016/j.visres.2013.11.002},
    issn = {00426989},
    pmid = {24262811},
    keywords = {Object-based attention, Remapping, Saccade curvature, Spatial working memory}
}

@article{Chun2015,
    title = {{Variations in Phase and Amplitude of Rhythmic Clock Gene Expression across Prefrontal Cortex, Hippocampus, Amygdala, and Hypothalamic Paraventricular and Suprachiasmatic Nuclei of Male and Female Rats.}},
    year = {2015},
    journal = {Journal of biological rhythms},
    author = {Chun, Lauren E. and Woodruff, Elizabeth R. and Morton, Sarah and Hinds, Laura R. and Spencer, Robert L.},
    number = {5},
    month = {10},
    pages = {417--36},
    volume = {30},
    publisher = {SAGE PublicationsSage CA: Los Angeles, CA},
    url = {http://journals.sagepub.com/doi/10.1177/0748730415598608 http://jbr.sagepub.com/content/early/2015/08/07/0748730415598608.long},
    doi = {10.1177/0748730415598608},
    issn = {1552-4531},
    pmid = {26271538},
    keywords = {amygdala, extra-scn, hippocampus, hypothalamus, lock genes, medial prefrontal cortex, molecular, paraven-, sex differences, tricular nucleus of the}
}

@article{Robles2001,
    title = {{Versi{\'{o}}n Mexicana del Inventario de Ansiedad de Beck: Propiedades Psicom{\'{e}}tricas}},
    year = {2001},
    journal = {Revista Mexicana de Psicologia},
    author = {Robles, Rebeca and Varela, RubÃ©n and Jurado, Samuel and P{\'{a}}ez, Francisco},
    number = {2},
    pages = {211--218},
    volume = {18},
    issn = {01856073},
    keywords = {Anxiety, Internal consistency, Test-retest, Validity}
}

@article{Moore1974,
    title = {{Visual pathways and the central neural control of a circadian rhythm in pineal serotonin N-acetyltransferase activity}},
    year = {1974},
    journal = {Brain Research},
    author = {Moore, Robert Y. and Klein, David C.},
    number = {1},
    pages = {17--33},
    volume = {71},
    isbn = {0006-8993 (Print)},
    doi = {10.1016/0006-8993(74)90188-7},
    issn = {00068993},
    pmid = {4595289}
}

@article{WeschlerIII2004,
    title = {{WAIS-III}},
    year = {2004},
    journal = {M{\'{e}}xico: Manual Moderno},
    author = {Weschler III, D}
}

@article{WechslerIII1997,
    title = {{WAIS-III: Administration and scoring manual: Wechsler adult intelligence scale. Psychological Corporation}},
    year = {1997},
    journal = {San Antonio, TX},
    author = {Wechsler III, D}
}

@techreport{Wechsler2014,
    title = {{Wechsler Adult Intelligence ScaleâFourth Edition (WAISâIV)}},
    year = {2014},
    author = {Wechsler, David}
}

@article{Ricker2010,
    title = {{Working memory}},
    year = {2010},
    journal = {Wiley Interdisciplinary Reviews: Cognitive Science},
    author = {Ricker, Timothy J. and AuBuchon, Angela M. and Cowan, Nelson},
    number = {4},
    pages = {573--585},
    volume = {1},
    isbn = {1939-5086},
    doi = {10.1002/wcs.50},
    issn = {19395078},
    pmid = {20178752}
}

@article{Baddeley1992,
    title = {{Working Memory}},
    year = {1992},
    journal = {Science},
    author = {Baddeley, Alan},
    number = {2},
    pages = {556--559},
    volume = {255}
}

@book{Dehn2008,
    title = {{Working Memory and Academic Learning: Assessment and Intervention}},
    year = {2008},
    author = {Dehn, Milton J.},
    pages = {408},
    publisher = {John Wiley {\&} Sons, Inc},
    isbn = {9780470144190}
}

@article{Funahashi2017,
    title = {{Working memory in the prefrontal cortex}},
    year = {2017},
    journal = {Brain Sciences},
    author = {Funahashi, Shintaro},
    number = {5},
    volume = {7},
    doi = {10.3390/brainsci7050049},
    issn = {20763425},
    pmid = {28448453},
    keywords = {Central executive, Delay-period activity, Dual task, Metamemory, Monkey, Prefrontal cortex, Reference memory, Working memory}
}

@article{Baddeley1974,
    title = {{Working memory.}},
    year = {1974},
    journal = {Psychology of Learning and Motivation},
    author = {{Baddeley} and Hitch, Graham},
    pages = {47--89},
    volume = {8},
    isbn = {0960-9822},
    doi = {10.1016/j.cub.2009.12.014},
    issn = {1879-0445},
    pmid = {20178752}
}

@article{Nyberg2016,
    title = {{Working memory: Maintenance, updating, and the realization of intentions}},
    year = {2016},
    journal = {Cold Spring Harbor Perspectives in Biology},
    author = {Nyberg, Lars and Eriksson, Johan},
    number = {2},
    volume = {8},
    doi = {10.1101/cshperspect.a021816},
    issn = {19430264},
    pmid = {26637287}
}